@BOOK{c-language,
	title = "The C Programming Language (1st ed.)",
	author = "Kernighan, Brian W.; Ritchie, Dennis M. ",
	isbn = "0-13-110163-3",
	publisher = "Englewood Cliffs, NJ: Prentice Hall.",
    note = "Regarded by many to be the authoritative reference on C."
}

@BOOK{processor-cache,
	title="Gallery of Processor Cache Effects",
	url="http://igoro.com/archive/gallery-of-processor-cache-effects/",
	author="Igor Ostrovsky",
  	note = "[cit. 2018-04-15]",	
}

@BOOK{r-testing,
	title = "R packages - testing",
	author="Hadley Wickham"
	url="http://r-pkgs.had.co.nz/tests.html",
  	note = "[cit. 2018-02-24]",
}

@MANUAL{r-srcrefs,
	title = "Source References {[online]}",
	url = "https://journal.r-project.org/archive/2010-2/RJournal_2010-2_Murdoch.pdf",
	author = "Duncan Murdoch",
  	note = "[cit. 2018-18-03]"
}
	

@BOOK{r-compiler-some-first-experiments,
	title = "The new R compiler package in R 2.13.0: Some first experiments {[online]}",
	url = "http://dirk.eddelbuettel.com/blog/2011/04/12/",
	author = "Dirk Eddelbuettel",
  	note = "[cit. 2018-03-03]",	
}

@MANUAL{dalvik-bytecode,
  	title = "Speed up your R code using a just-in-time (JIT) compiler {[online]}",
	url = "https://www.r-statistics.com/2012/04/speed-up-your-r-code-using-a-just-in-time-jit-compiler/"
  	organization = "R-statistics blog",
  	note = "[cit. 2018-03-02]",
  	key = "html"
}

@BOOK{rybicka,
	title = "LaTeX pro za\v c\'ate\v cn\'\i{}ky",
	author = "Ji{\v r}{\' i} Rybicka",
	isbn = "80-7302-049-1",
	publisher = "Brno: Konvoj",
	edition = "3"
}

@MANUAL{kalibera2017-byte-code-compiler,
  title = "Byte Code Compiler - Recent Work on R Runtime {[online]}",
  url = "https://www.r-project.org/dsc/2017/slides/tomas_bc.pdf",
  organization = " Positive Research",
  note = "[cit. 2018-02-24]",
  key = "pdf"
}

@MANUAL{Python-disassembler,
  title = "Disassembler for Python bytecode¶",
  url = "https://docs.python.89io8/3/library/dis.html",
  note = "[cit. 2018-02-27]",
  key = "html"
}


@MANUAL{AST,
  title = "Tree structures processing and unified AST {[online]}",
  url = "http://blog.ptsecurity.com/2016/07/tree-structures-processing-and-unified.html",
  organization = "Czech Technical University in Prague",
  note = "[cit. 2018-02-27]",
  key = "html"
}

@MANUAL{R-OO,
  title = "OO field guide {[online]}",
  url = "http://adv-r.had.co.nz/OO-essentials.html",
  organization = "Czech Technical University in Prague",
  author= "Hadley Wickham",
  note = "[cit. 2018-03-08]",
  key = "html"
}
  

@BOOK{AST_IMPLEMENTATION,
  title = "Abstract Syntax Tree Implementation Idioms {[online]}",
  author = "Joel Jones",
  url = "http://www.hillside.net/plop/plop2003/Papers/Jones-ImplementingASTs.pdf",
  organization = "Department of Computer Science, University of Alabama",
  note = "[cit. 2018-02-27]",
  key = "pdf"
}

@MANUAL{R_ENV_BROWSER,
  title = "Environment browser",
  url = "https://stat.ethz.ch/R-manual/R-devel/library/base/html/browser.html",
  organization = "GNU R",
  author = "R core team",
  note = "[cit. 2018-03-10]",
  key = "html"
}

@BOOK{R_PERFORMANCE,
  title = "Advanced R - Performance {[online]}",
  author = "Hadley Wickham",
  url = "http://adv-r.had.co.nz/Performance.html",
  organization = "Department of Computer Science, University of Alabama",
  note = "[cit. 2018-02-27]",
  key = "html"
}

@MANUAL{COMPUTED_GOTO,
  title = "Computed goto for efficient dispatch tables {[online]}",
  url = "https://eli.thegreenplace.net/2012/07/12/computed-goto-for-efficient-dispatch-tables",
  organization = "Eli Bendersky's website",
  note = "[cit. 2018-02-27]",
  key = "html"
}

@MANUAL{iso690,
	organization = "\'U\v rad pro technickou normalizaci, metrologii a st\'atn\'\i{} zku\v sebnictv\'\i{}",
	title = "\v CSN ISO 690 Informace a dokumentace -- Pravidla pro bibliografick\'e odkazy a citace informa\v cn\'\i{}ch zdroj{\r u}",
	year = "2011"
}


@ARTICLE {sitova-karta-s-fpga-xilinx,
    title  = "Síťová karta s FPGA Xilinx pro 1 a 10GbE",
    journal = "V: Pandatron - elektrotechnický magazín {[online]}",
    howpublished = "[online]",
    month  = "červen",
    year   = "2013",
    note = "[cit. 2015-10-31]",
    url    = "http://pandatron.cz/?2939&sitova_karta_s_fpga_xilinx_pro_1_a_10gbe"
}
